@INPROCEEDINGS{Hannon2010,
  author = {Hannon, J and Bennett, M and Smyth, B},
  title = { Recommending twitter users to follow using content and collaborative filtering approaches},
  booktitle = {Proceedings of the fourth ACM conference on Recommender systems, RecSys â€™10},
  year = {2010},
  series = {},
  pages = {199--206},
  address = {New York, USA},
  publisher = {ACM},
  acmid = {},
  location = {},
  numpages = {8},
  url = {http://ieeexplore.ieee.org/xpls/abs_all.jsp?arnumber=6113240&tag=1}
}